@INPROCEEDINGS{chang13,
author={J. Chang and D. Wei and J. W. Fisher},
booktitle={IEEE Conference on Computer Vision and Pattern Recognition},
title={A Video Representation Using Temporal Superpixels},
year={2013},
pages={2051-2058}
}

@book{hastie09,
  title={The elements of statistical learning: data mining, inference, and prediction},
  author={Hastie, Trevor and Tibshirani, Robert and Friedman, Jerome},
  year={2009},
  publisher={Springer Science \& Business Media}
}

@article{sermanet13,
  title={Overfeat: Integrated recognition, localization and detection using convolutional networks},
  author={Sermanet, Pierre and Eigen, David and Zhang, Xiang and Mathieu, Micha{\"e}l and Fergus, Rob and LeCun, Yann},
  journal={arXiv preprint arXiv:1312.6229},
  year={2013}
}

@inproceedings{zhou04,
  title={Learning with local and global consistency},
  author={Zhou, Dengyong and Bousquet, Olivier and Lal, Thomas N and Weston, Jason and Sch{\"o}lkopf, Bernhard},
  booktitle={Advances in neural information processing systems},
  pages={321--328},
  year={2004}
}

@inproceedings{vilarino07,
author="Vilari{\~{n}}o, Fernando
and Lacey, Gerard
and Zhou, Jiang
and Mulcahy, Hugh
and Patchett, Stephen",
title="Automatic Labeling of Colonoscopy Video for Cancer Detection",
bookTitle="Iberian Conference on Pattern Recognition and Image Analysis",
year="2007",
pages="290--297",
}

@misc{BRATSChall,
title = {{BRATS Challenge}},
howpublished = {http://braintumorsegmentation.org}
}


@misc{endochal,
  author = {MICCAI},
  year="2015",
  title  = {Endoscopic Vision Challenge, 2015},
  url    = {https://endovis.grand-challenge.org/}
}
